@article{sample2023,
  author = {John Doe},
  title = {Sample Article},
  journal = {Sample Journal},
  year = {2023},
  volume = {1},
  number = {1},
  pages = {1-10}
}

